%Buch
@Book{HeSc09,
  author    = {Hesse, Stefan and Schnell, Gerhard},
  title     = {{Sensoren f{\"u}r die Prozess- und Fabrikautomation}},
  publisher = {Vieweg+Teubner},
  address   = {Wiesbaden},
  year      = {2009},
}

%Buch
@book{Ko05a,
	key					={},
	author				={Kopka, Helmut},
	title				={{LaTeX, Band 1: Einf{\"u}hrung}},
	booktitle			={},
	chapter				={},
	edition				={3},
	editor				={},
	howpublished		={},
	institution			={},
	journal				={},
	medium				={},
	month				={},
	note				={},
	number				={},
	organization		={},
	pages				={},
	publisher			={Pearson Studium},
	address				={{M{\"u}nchen}},
	school				={},
	series				={},
	type				={},
	volume				={},
	year				={2005},
}

%eBook
@book{Ko05b,
	key					={},
	author				= {Kopka, Helmut},
	title				={{LaTeX, Band 1: Einf{\"u}hrung}},
	booktitle			={},
	chapter				={},
	edition				={3},
	editor				={},
	howpublished		={},
	institution			={},
	journal				={},
	medium				={eBook},
	month				={},
	note				={},
	number				={},
	organization		={},
	pages				={},
	publisher			={Pearson Studium},
	address				={{M{\"u}nchen}},
	school				={},
	series				={},
	type				={},
	volume				={},
	year				={2005},
	URL	  				={http://www.pearson-studium.de},
	URLDate				={2011-07-06},
}

%Buch
@book{MiGo05,
	key					={},
	author				={Goossens, Michel and Mittelbach, Frank and Samarin, Alexander},
	title				={Der LaTeX Begleiter},
	booktitle			={},
	chapter				={},
	edition				={},
	editor				={},
	howpublished		={},
	institution			={},
	journal				={},
	medium				={},
	month				={},
	note				={},
	number				={},
	organization		={},
	pages				={},
	publisher			={Addison-Wesley Deutschland},
	address				={Bonn},
	school				={},
	series				={},
	type				={},
	volume				={},
	year				={2002},
	URL	  				={},
	URLDate				={},
}

%Patentschrift
@patent{An10,
	author				={Anderson, Noel W.},
	title				={{Asymmetric stereo vision system}},
	patentnr			={EU Patent EP2296072},
	year				={2010},

}

%Projektbericht
@misc{PiMi11,
	key					={},
	author				={Piringer, Gerhard and Milovanovic, Goran and Grubmüller, Thomas},
	title				={Schweißzelle für einen Knickarmroboter},
	booktitle			={},
	chapter				={},
	edition				={},
	editor				={},
	howpublished		={},
	institution			={},
	journal				={},
	medium				={Projektbericht},
	month				={},
	note				={},
	number				={},
	organization		={},
	pages				={},
	publisher			={},
	address				={Wien: FH Technikum Wien, Bachelorstudiengang Mechatronik/Robotik},
	school				={},
	series				={},
	type				={},
	volume				={},
	year				={2011},
	URL	  				={},
	URLDate				={},
}

%Bachelorarbeit
@misc{Ba10,
	key					={},
	author				={Baldinger, Andreas},
	title				={Improvement of NAOs speech synthesis and recognition skills},
	booktitle			={},
	chapter				={},
	edition				={},
	editor				={},
	howpublished		={},
	institution			={},
	journal				={},
	medium				={Bachelorarbeit},	
	month				={},
	note				={},
	number				={},
	organization		={1},
	pages				={},
	publisher			={},
	address				={Wien: FH Technikum Wien, Bachelorstudiengang Mechatronik/Robotik},
	school				={},
	series				={},
	type				={},
	volume				={},
	year				={2010},
	URL	  				={},
	URLDate				={},
}

%Masterarbeit
@misc{Po10,
	key					={},
	author				={Pohn, Johannes},
	title				={Condition Monitoring Systeme für die zustandorientierte Instandhaltung von Windkraftanlagen},
	booktitle			={},
	chapter				={},
	edition				={},
	editor				={},
	howpublished		={},
	institution			={},
	journal				={},
	medium				={Diplomarbeit},
	month				={},
	note				={},
	number				={},
	organization		={},
	pages				={},
	publisher			={},
	address				={Wien: FH Technikum Wien, Masterstudiengang Innovations- und Technologiemanagement},
	school				={},
	series				={},
	type				={},
	volume				={},
	year				={2010},
	URL	  				={},
	URLDate				={},
}

%Dissertation
@misc{Hu11,
	key					={},
	author				={Humenberger, Martin},
	title				={Real-Time Stereo Matching for Embedded Systems in Robotic Applications},
	booktitle			={},
	chapter				={},
	edition				={},
	editor				={},
	howpublished		={},
	institution			={},
	journal				={},
	medium				={Dissertation},
	month				={},
	note				={},
	number				={},
	organization		={},
	pages				={},
	publisher			={},
	address				={Wien: Technische Universit{\"a}t Wien, Fakult{\"a}t für Elektrotechnik und Informationstechnik},
	school				={},
	series				={},
	type				={},
	volume				={},
	year				={2011},
	URL	  				={},
	URLDate				={},
}

%Journalartikel
@article{HuZi10,
	key					={},
	author				={Humenberger, Martin and Zinner, Christian and Weber, Michael and Kubinger, Wilfried and Vincze, Markus},
	title				={A fast stereo matching algorithm suitable for embedded real-time systems},
	booktitle			={},
	chapter				={},
	edition				={},
	editor				={},
	howpublished		={},
	institution			={},
	journal				={Computer Vision and Image Understanding},
	medium				={},
	month				={},
	note				={},
	number				={11},
	organization		={},
	pages				={1180-1202},
	publisher			={},
	address				={},
	school				={},
	series				={},
	type				={},
	volume				={114},
	year				={2010},
}

%eJournal-Artikel
@article{ZiKu07,
	key					={},
	author				={Zinner, Christian and Kubinger, Wilfried and Isaacs, Richard},
	title				={Pfelib: a performance primitives library for embedded vision},
	booktitle			={},
	chapter				={},
	edition				={},
	editor				={},
	howpublished		={},
	institution			={1},
	journal				={EURASIP Journal on Embedded Systems},
	medium				={eJournal},
	month				={},
	note				={},
	number				={},
	organization		={},
	pages				={1-14},
	publisher			={},
	address				={},
	school				={},
	series				={},
	type				={},
	volume				={2007},
	year				={2007},
	URL	  				={http://downloads.hindawi.com/journals/es/2007/049051.pdf},
	URLDate				={2011-07-06},
}

%Konferenzbeitrag in Tagungsband
@inproceedings{HuHa07,
	key					={},
	author				={Humenberger, M. and Hartermann, D. and Kubinger, W.},
	title				={Evaluation of Stereo Matching Systems for Real World Applications Using Structured Light for Ground Truth Estimation},
	booktitle			={Proceedings of the Tenth IAPR Conference on Machine Vision Applications (MVA2007)},
	chapter				={},
	date				={2007-05-16},
	edition				={},
	editor				={},
	howpublished		={},
	institution			={},
	journal				={},
	location			={Tokyo, Japan},
	medium				={},
	month				={},
	note				={},
	number				={},
	organization		={},
	pages				={433-436},
	publisher			={MVA Conference Committee},
	address				={},
	school				={},
	series				={},
	type				={},
	volume				={},
	year				={2007},
	URL	  				={},
	URLDate				={},
}

%Leitfaden
@misc{ANG10,
	key					={},
	author				={{Anglia Ruskin University Library}},
	title				={Guide to the Harvard Style of Referencing},
	booktitle			={},
	chapter				={},
	edition				={2},
	editor				={},
	howpublished		={},
	institution			={},
	journal				={},
	medium				={Leitfaden},
	month				={},
	note				={},
	number				={},
	organization		={},
	pages				={},
	publisher			={},
	address				={Cambridge, UK: Anglia Ruskin University},
	school				={},
	series				={},
	type				={},
	volume				={},
	year				={2010},
	URL	  				={http://libweb.anglia.ac.uk},
	URLDate				={2011-07-06},
}

%Leitfaden
@misc{TeGo14,
	author				={Teschl, Susanne and G{\"o}schka, Karl Michael and Essl, G{\"u}nter},
	title				={{Leitfaden zur Verfassung einer Bachelorarbeit oder Master Thesis}},
	booktitle			={},
	chapter				={},
	edition				={3},
	editor				={},
	howpublished		={},
	institution			={},
	journal				={},
	medium				={Leitfaden},
	month				={},
	note				={},
	number				={},
	organization		={},
	pages				={},
	publisher			={},
	address				={FH Technikum Wien},
	school				={},
	series				={},
	type				={},
	volume				={},
	year				={2014},
	URL	  				={www.technikum-wien.at},
	URLDate				={2014-08-04}
}

%Datenblatt
@misc{ATM11,
	key					={},
	author				={{Atmel Corporation}},
	title				={Atmel ATmega16 -- 8-bit Microcontroller with 16K Bytes In-System Programmable Flash},
	booktitle			={},
	chapter				={},
	edition				={},
	editor				={},
	howpublished		={},
	institution			={},
	journal				={},
	medium				={Datenblatt},
	month				={},
	note				={},
	number				={},
	organization		={},
	pages				={},
	publisher			={},
	address				={San Jose, United States: Atmel Corporation},
	school				={},
	series				={},
	type				={},
	volume				={},
	year				={2011},
	URL	  				={http://www.atmel.com/dyn/resources/prod\_documents/doc2466.pdf},
	URLDate				={2011-07-06},
}

%Bild
@misc{He07,
	key					={},
	author				={Hemetsberger, H.},
	title				={AIT Stereo Sensor im Einsatz während der DARPA Urban Challenge 2007},
	booktitle			={},
	chapter				={},
	edition				={},
	editor				={},
	howpublished		={},
	institution			={},
	journal				={},
	medium				={Fotographie},
	month				={},
	note				={AIT Austrian Institute of Technology},
	number				={},
	organization		={},
	pages				={},
	publisher			={},
	address				={},
	school				={},
	series				={},
	type				={},
	volume				={},
	year				={2007},
	URL	  				={},
	URLDate				={},
}

%Nationaler oder internationaler Standard
@misc{ISO98,
	key					={},
	author				={{International Standards Office}},
	title				={ISO 690 -- Information and documentation: Bibliographical references: Electronic documents},
	booktitle			={},
	chapter				={},
	edition				={},
	editor				={},
	howpublished		={},
	institution			={},
	journal				={},
	medium				={},
	month				={},
	note				={},
	number				={},
	organization		={},
	pages				={},
	publisher			={},
	address				={Genf: International Standards Office},
	school				={},
	series				={},
	type				={},
	volume				={},
	year				={1998},
	URL	  				={},
	URLDate				={},
}

%Internetseite
@misc{SIE11,
	key					={},
	author				={{Siemens Automation Technology}},
	title				={SIMATIC},
	booktitle			={},
	chapter				={},
	edition				={},
	editor				={},
	howpublished		={},
	institution			={},
	journal				={},
	medium				={Online},
	month				={},
	note				={},
	number				={},
	organization		={},
	pages				={},
	publisher			={},
	address				={},
	school				={},
	series				={},
	type				={},
	volume				={},
	year				={2011},
	URL	  				={http://www.automation.siemens.com/mcms/topics/de/simatic/Seiten/Default.aspx},
	URLDate				={2011-07-06},
}

@misc{SIE14,
	key					={},
	author				={{Siemens Automation Technology}},
	title				={SIMATIC},
	booktitle			={},
	chapter				={},
	edition				={},
	editor				={},
	howpublished		={},
	institution			={},
	journal				={},
	medium				={},
	month				={},
	note				={{\lbrack}Online{\rbrack} Verfügbar unter: <\url{http://www.automation.siemens.com/mcms/topics/de/simatic/Seiten/Default.aspx}> {\lbrack}Zugang am 17.10.2014{\rbrack}},
	number				={},
	organization		={},
	pages				={},
	publisher			={},
	address				={},
	school				={},
	series				={},
	type				={},
	volume				={},
	year				={2014},
	URL	  				={},
	URLDate				={},
}


% This file was created with Citavi 6.14.0.0

@misc{wandb,
	author				={{Weights \& Biases}},
	title				={Weights \& Biases},
	medium				={Online},
	year				={2024},
	URL	  				={https://wandb.ai/site},
	URLDate				={2024-11-07},
}

@misc{nvidia_v100_datasheet,
	author				={{NVIDIA Corporation}},
	title				={NVIDIA V100 GPU Architecture Data Sheet},
	medium				={Online},
	year				={2024},
	URL	  				={https://images.nvidia.com/content/technologies/volta/pdf/volta-v100-datasheet-update-us-1165301-r5.pdf},
	URLDate				={2024-11-07},
}

@misc{nvidia_cuda_126,
	author				={{NVIDIA Corporation}},
	title				={CUDA Toolkit},
	medium				={Online},
	year				={2024},
	URL	  				={https://developer.nvidia.com/cuda-toolkit},
	URLDate				={2024-11-07},
}

@misc{intel_xeon_gold_prozessor_5118,
	author				={{Intel Corporation}},
	title				={Intel® Xeon® Gold 5118 Processor Data Sheet},
	medium				={Online},
	year				={2024},
	URL	  				={https://ark.intel.com/content/www/de/de/ark/products/120473/intel-xeon-gold-5118-processor-16-5m-cache-2-30-ghz.html},
	URLDate				={2024-11-07},
}

@misc{nvidia_jetson_agx_xavier_datasheet,
	author				={{NVIDIA Corporation}},
	title				={NVIDIA Jetson Xavier Technical Specifications},
	medium				={Online},
	year				={2024},
	URL	  				={https://www.nvidia.com/en-us/autonomous-machines/embedded-systems/jetson-xavier-series/},
	URLDate				={2024-11-07},
}

@online{schienenpersonenverkehrAustria,
  title     = {Anzahl der beförderten Personen im Schienenpersonenverkehr in Österreich von 2009 bis 2023 (in Millionen) [Graph]},
  author    = {Statista-Austria},
  year      = {2024},
  url       = {https://de.statista.com/statistik/daten/studie/296524/umfrage/schienenpersonenverkehr-der-eisenbahn-in-oesterreich/},
  URLDate	= {2024-11-05},
}

@online{wienerLinienAustria,
	author    = {Wiener-Stadtwerke},
  	title     = {Anzahl der Fahrgäste der Wiener Linien von 2006 bis 2023 (in Millionen) [Graph]},
	year      = {2024},
	url       = {https://de.statista.com/statistik/daten/studie/714378/umfrage/fahrgaeste-der-wiener-linien/},
	URLDate	  = {2024-11-05},
}

@online{oebbAustria,
	author    = {Österreichische-Bundesbahnen},
  	title     = {Anzahl der Fahrgäste der Österreichischen Bundesbahnen (ÖBB) von 2012 bis 2023 (in Millionen) [Graph]},
	year      = {2024},
	url       = {https://de.statista.com/statistik/daten/studie/299369/umfrage/fahrgaeste-der-oesterreichischen-bundesbahnen/},
	URLDate	  = {2024-11-05},
}

@misc{zugEntgleist,
	author				={{red}},
	title				={Zug entgleist: 40 Passagiere gerettet},
	medium				={Online},
	year				={2024},
	publisher			={noe.ORF.at},
	URL	  				={https://noe.orf.at/stories/3260056/},
	URLDate				={2024-11-05},
}

@misc{zugUnfall1Tod,
	author				={{Stefan Schwarzwald-Sailer}},
	title				={Tödlicher Zugsunfall bringt ÖBB in Erklärungsnot},
	medium				={Online},
	year				={2024},
	publisher			={noe.ORF.at},
	URL	  				={https://noe.orf.at/stories/3259860/},
	URLDate				={2024-11-05},
	institution			={noe.ORF.at},
	journal				={noe.ORF.at},
	medium				={noe.ORF.at},
}

@misc{zugUnfallFrontal,
	author				={{red}},
	title				={Mehrere Tote bei Zugsunglück in Tschechien},
	medium				={Online},
	year				={2024},
	publisher			={ORF.at/Agenturen},
	URL	  				={https://orf.at/stories/3359814/},
	URLDate				={2024-11-05},
}

@online{autonomousVehicleReadinessIndex,
	author    = {KPMG},
  	title     = {2020 Autonomous Vehicles Readiness Index},
	year      = {2020},
	url       = {https://assets.kpmg.com/content/dam/kpmg/xx/pdf/2020/07/2020-autonomous-vehicles-readiness-index.pdf},
	URLDate	  = {2024-11-05},
}

@online{autonomousVehicleReadinessCounties,
	author    = {Ben Impey},
  	title     = {Entwicklungsstand im Bereich autonomer Mobilität nach Ländern weltweit nach Autonomous Vehicle Readiness Index¹ (Stand: 2020 und Vergleich zum Vorjahr) [Graph]},
	year      = {2024},
	url       = {https://de.statista.com/statistik/daten/studie/1113863/umfrage/entwicklungsstand-im-bereich-autonomer-mobilitaet-nach-laendern-weltweit/},
	URLDate	  = {2024-11-05},
}

@book{verkehrstatistik2022,
	author = {Weninger},
	title = {Verkehrstatistik 2022},
	year = {2022},
	url = {https://www.statistik.at/fileadmin/user_upload/Verkehr-2022-barr.pdf},
	URLDate	= {2024-11-05},
}

@inproceedings{cifar100,
    title={Learning Multiple Layers of Features from Tiny Images},
    author={Krizhevsky, Alex and Hinton, Geoffrey and others},
    year={2009},
    publisher={Toronto, ON, Canada},
    url={https://api.semanticscholar.org/CorpusID:18268744}
}

@article{pascal2015,
    title={The pascal visual object classes challenge: A retrospective},
    author={Everingham, Mark and Eslami, SM Ali and Van Gool, Luc and Williams, Christopher KI and Winn, John and Zisserman, Andrew},
    journal={International journal of computer vision},
    volume={111},
    pages={98--136},
    year={2015},
    publisher={Springer}
}

@inproceedings{Lin2014MicrosoftCC,
  title={Microsoft COCO: Common Objects in Context},
  author={Tsung-Yi Lin and Michael Maire and Serge J. Belongie and James Hays and Pietro Perona and Deva Ramanan and Piotr Doll{\'a}r and C. Lawrence Zitnick},
  booktitle={European Conference on Computer Vision},
  year={2014},
  url={https://api.semanticscholar.org/CorpusID:14113767}
}

@article{ImageNet2015,
  title = {ImageNet Large Scale Visual Recognition Challenge},
  volume = {115},
  ISSN = {1573-1405},
  url = {http://dx.doi.org/10.1007/s11263-015-0816-y},
  DOI = {10.1007/s11263-015-0816-y},
  number = {3},
  journal = {International Journal of Computer Vision},
  publisher = {Springer Science and Business Media LLC},
  author = {Russakovsky,  Olga and Deng,  Jia and Su,  Hao and Krause,  Jonathan and Satheesh,  Sanjeev and Ma,  Sean and Huang,  Zhiheng and Karpathy,  Andrej and Khosla,  Aditya and Bernstein,  Michael and Berg,  Alexander C. and Fei-Fei,  Li},
  year = {2015},
  month = apr,
  pages = {211–252}
}

@article{openImagesV42018,
  title={The Open Images Dataset V4},
  author={Alina Kuznetsova and Hassan Rom and Neil Gordon Alldrin and Jasper R. R. Uijlings and Ivan Krasin and Jordi Pont-Tuset and Shahab Kamali and Stefan Popov and Matteo Malloci and Alexander Kolesnikov and Tom Duerig and Vittorio Ferrari},
  journal={International Journal of Computer Vision},
  year={2018},
  volume={128},
  pages={1956 - 1981},
  url={https://api.semanticscholar.org/CorpusID:53296866}
}

@INPROCEEDINGS {cityscapes2016,
    author = { Cordts, Marius and Omran, Mohamed and Ramos, Sebastian and Rehfeld, Timo and Enzweiler, Markus and Benenson, Rodrigo and Franke, Uwe and Roth, Stefan and Schiele, Bernt },
    booktitle = { 2016 IEEE Conference on Computer Vision and Pattern Recognition (CVPR) },
    title = {{ The Cityscapes Dataset for Semantic Urban Scene Understanding }},
    year = {2016},
    volume = {},
    ISSN = {1063-6919},
    pages = {3213-3223},
    doi = {10.1109/CVPR.2016.350},
    url = {https://doi.ieeecomputersociety.org/10.1109/CVPR.2016.350},
    publisher = {IEEE Computer Society},
    address = {Los Alamitos, CA, USA},
    month = Jun
}

@INPROCEEDINGS{mapillaryVistas2017,
    author={Neuhold, Gerhard and Ollmann, Tobias and Bulò, Samuel Rota and Kontschieder, Peter},
    booktitle={2017 IEEE International Conference on Computer Vision (ICCV)}, 
    title={The Mapillary Vistas Dataset for Semantic Understanding of Street Scenes}, 
    year={2017},
    volume={},
    number={},
    pages={5000-5009},
    keywords={Semantics;Cameras;Image segmentation;Visualization;Protocols;Quality assurance;Computer vision},
    doi={10.1109/ICCV.2017.534}
}

@misc{FraunhoferInstituteforCognitiveSystemsIKS,
	author				={{Fraunhofer Institute for Cognitive Systems IKS}},
	title				={Autonomous Driving - Fraunhofer IKS},
	medium				={Online},
	year				={2024},
	URL	  				={https://www.iks.fraunhofer.de/en/topics/autonomous-driving.html},
	URLDate				={2024-11-05},
}

@incollection{Hadded.2022,
    author = {Hadded, Mohamed Amine and Mahtani, Ankur and Ambellouis, S{\'e}bastien and Boonaert, Jacques and Wannous, Hazem},
    title = {Application of Rail Segmentation in the Monitoring of Autonomous Train's Frontal Environment},
    pages = {185--197},
    volume = {13363},
    publisher = {{Springer International Publishing}},
    isbn = {978-3-031-09036-3},
    series = {Lecture Notes in Computer Science},
    editor = {{El Yacoubi}, Moun{\^i}m and Granger, Eric and Yuen, Pong Chi and Pal, Umapada and Vincent, Nicole},
    booktitle = {Pattern Recognition and Artificial Intelligence},
    year = {2022},
    address = {Cham},
    doi = {10.1007/978-3-031-09037-0{\textunderscore }16},
    file = {2022{\_}RailSet:Attachments/2022{\_}RailSet.pdf:application/pdf}
}

@article{Harb2020FRSignAL,
    title={FRSign: A Large-Scale Traffic Light Dataset for Autonomous Trains},
    author={Jean Harb and Nicolas R'eb'ena and Raphael Chosidow and Gr'egoire Roblin and Roman Potarusov and Hatem Hajri},
    journal={ArXiv},
    year={2020},
    volume={abs/2002.05665},
    url={https://api.semanticscholar.org/CorpusID:211096970}
}

@article{leibner2023gerald,
  title={GERALD: A novel dataset for the detection of German mainline railway signals},
  author={Leibner, Philipp and Hampel, Fabian and Schindler, Christian},
  journal={Proceedings of the Institution of Mechanical Engineers, Part F: Journal of Rail and Rapid Transit},
  volume={237},
  number={10},
  pages={1332--1342},
  year={2023},
  publisher={SAGE Publications Sage UK: London, England}
}

@article{Huang_2021,
    doi = {10.1088/1742-6596/1827/1/012185},
    url = {https://dx.doi.org/10.1088/1742-6596/1827/1/012185},
    year = {2021},
    publisher = {IOP Publishing},
    volume = {1827},
    number = {1},
    pages = {012185},
    author = {Xiaojie Huang and Kangquan Ye and Zhongbin Fang and Yongjun Xie and Xizhe Ma and Jing Ji and Qiantong Wu},
    title = {Research On Grooved Rail Garbage Identification Algorithm Based On Improved YOLOv3},
    journal = {Journal of Physics: Conference Series},
}

@article{ma2024cross,
    title={Cross-scale fusion and domain adversarial network for generalizable rail surface defect segmentation on unseen datasets},
    author={Ma, Shengzhe and Song, Kai and Niu, Mingchao and others},
    journal={Journal of Intelligent Manufacturing},
    volume={35},
    pages={367--386},
    year={2024},
    publisher={Springer},
    doi={10.1007/s10845-022-02051-7}
}

@misc{rail5k2021,
    title={Rail-5k: a Real-World Dataset for Rail Surface Defects Detection}, 
    author={Zihao Zhang and Shaozuo Yu and Siwei Yang and Yu Zhou and Bingchen Zhao},
    year={2021},
    eprint={2106.14366},
    archivePrefix={arXiv},
    primaryClass={cs.CV},
    url={https://arxiv.org/abs/2106.14366}, 
}

@inproceedings{railsem19dataset,
    title={Railsem19: A dataset for semantic rail scene understanding},
    author={Zendel, Oliver and Murschitz, Markus and Zeilinger, Marcel and Steininger, Daniel and Abbasi, Sara and Beleznai, Csaba},
    booktitle={2019 IEEE/CVF Conference on Computer Vision and Pattern Recognition Workshops (CVPRW)},
    pages={1221-1229},
    year={2019},
    publisher = {IEEE},
    isbn = {978-1-7281-2506-0},
    doi={10.1109/CVPRW.2019.00161},
}

@article{kittiDataset2018,
  title={Augmented reality meets computer vision: Efficient data generation for urban driving scenes},
  author={Abu Alhaija, Hassan and Mustikovela, Siva Karthik and Mescheder, Lars and Geiger, Andreas and Rother, Carsten},
  journal={International Journal of Computer Vision},
  volume={126},
  pages={961-972},
  year={2018},
  publisher={Springer},
  doi={https://doi.org/10.1007/s11263-018-1070-x},
}

@inproceedings{COCO-StuffDataset,
    title = {COCO-Stuff: Thing and Stuff Classes in Context},
    url = {http://dx.doi.org/10.1109/CVPR.2018.00132},
    DOI = {10.1109/cvpr.2018.00132},
    booktitle = {2018 IEEE/CVF Conference on Computer Vision and Pattern Recognition},
    publisher = {IEEE},
    author = {Caesar,  Holger and Uijlings,  Jasper and Ferrari,  Vittorio},
    year = {2018},
    month = jun 
}

@article{yuan2022railvid,
  title={RailVID: A dataset for rail environment semantic},
  author={Yuan, Hao and Mei, Zhenkun and Chen, Yihao and Niu, Weilong and Wu, Cheng},
  journal={ICONS},
  volume={2022},
  pages={17th},
  year={2022}
}

@INPROCEEDINGS{railSet2022,
  author={Zouaoui, Arij and Mahtani, Ankur and Hadded, Mohamed Amine and Ambellouis, Sébastien and Boonaert, Jacques and Wannous, Hazem},
  booktitle={2022 IEEE 5th International Conference on Image Processing Applications and Systems (IPAS)}, 
  title={RailSet: A Unique Dataset for Railway Anomaly Detection}, 
  year={2022},
  volume={Five},
  number={},
  pages={1-6},
  keywords={Rails;Deep learning;Training;Image processing;Neural networks;Vehicle safety;Maintenance engineering;Image generation;Anomaly dataset;Railway tracks anomaly;Autonomous train;Generative and Adversarial Neural Networks},
  doi={10.1109/IPAS55744.2022.10052883}
}

@inproceedings{hadded2022application,
    title={Application of rail segmentation in the monitoring of autonomous train’s frontal environment},
    author={Hadded, Mohamed Amine and Mahtani, Ankur and Ambellouis, S{\'e}bastien and Boonaert, Jacques and Wannous, Hazem},
    booktitle={International Conference on Pattern Recognition and Artificial Intelligence},
    pages={185--197},
    year={2022},
    organization={Springer}
}

@ARTICLE{railNet2019,
    author={Wang, Yin and Wang, Lide and Hu, Yu Hen and Qiu, Ji},
    journal={IEEE Access}, 
    title={RailNet: A Segmentation Network for Railroad Detection}, 
    year={2019},
    volume={7},
    number={},
    pages={143772-143779},
    keywords={Feature extraction;Image segmentation;Visualization;Task analysis;Computer vision;Neural networks;Railroad detection;deep learning;segmentation},
    doi={10.1109/ACCESS.2019.2945633}
}

@inproceedings{li2022rail,
  title={Rail Detection: An Efficient Row-based Network and a New Benchmark},
  author={Li, Xinpeng and Peng, Xiaojiang},
  booktitle={Proceedings of the 30th ACM International Conference on Multimedia},
  pages={6455--6463},
  year={2022}
}

@misc{railNet2022GitHub,
  author       = {Sampson Lee},
  title        = {Rail-Detection},
  year         = {2022},
  url          = {https://github.com/Sampson-Lee/Rail-Detection},
  note         = {GitHub repository}
}

@misc{oSDaR23,
    doi = {10.57806/9MV146R0},
    url = {https://data.fid-move.de/dataset/3d7e7406-639f-49f6-bbca-caac511b4032},
    author = {Tilly, Roman and Neumaier, Philipp and Schwalbe, Karsten and Klasek, Pavel and Tagiew, Rustam and Denzler, Patrick and Klockau, Tobias and Boekhoff, Martin and Köppel, Martin},
    keywords = {Automated Train Operation, Object Detection, Railway, Sensor, Vision},
    language = {de},
    title = {OSDaR23: Open Sensor Data for Rail 2023},
    publisher = {TIB},
    year = {2023}
}

@misc{tepNet2024,
    title={Train Ego-Path Detection on Railway Tracks Using End-to-End Deep Learning}, 
    author={Thomas Laurent},
    year={2024},
    eprint={2403.13094},
    archivePrefix={arXiv},
    primaryClass={cs.CV},
    url={https://arxiv.org/abs/2403.13094}, 
}